% This file was created with JabRef 2.6.
% Encoding: Cp1252

@article{chen2000overview,
  title={Overview of three-dimensional shape measurement using optical methods},
  author={Chen, Frank and Brown, Gordon M and Song, Mumin},
  journal={Optical Engineering},
  volume={39},
  number={1},
  pages={10--22},
  year={2000},
  publisher={International Society for Optics and Photonics}
}

@article{sansoni2009state,
  title={State-of-the-art and applications of 3D imaging sensors in industry, cultural heritage, medicine, and criminal investigation},
  author={Sansoni, Giovanna and Trebeschi, Marco and Docchio, Franco},
  journal={Sensors},
  volume={9},
  number={1},
  pages={568--601},
  year={2009},
  publisher={Molecular Diversity Preservation International}
}

@article{gorthi2010fringe,
  title={Fringe projection techniques: whither we are?},
  author={Gorthi, Sai Siva and Rastogi, Pramod},
  journal={Optics and Lasers in Engineering},
  volume={48},
  number={IMAC-REVIEW-2009-001},
  pages={133--140},
  year={2010},
  publisher={Elsevier}
}

@incollection{hausler2011limitations,
  title={Limitations of Optical 3D Sensors},
  author={H{\"a}usler, Gerd and Ettl, Svenja},
  booktitle={Optical Measurement of Surface Topography},
  pages={23--48},
  year={2011},
  publisher={Springer}
}

@inproceedings{lanman2009build,
  title={Build your own 3D scanner: 3D photography for beginners},
  author={Lanman, Douglas and Taubin, Gabriel},
  booktitle={ACM SIGGRAPH 2009 Courses},
  pages={8},
  year={2009},
  organization={ACM}
}

@article{sturm2011camera,
  title={Camera models and fundamental concepts used in geometric computer vision},
  author={Sturm, Peter and Ramalingam, Srikumar and Tardif, Jean-Philippe and Gasparini, Simone and Barreto, Jo{\~a}o},
  journal={Foundations and Trends{\textregistered} in Computer Graphics and Vision},
  volume={6},
  number={1--2},
  pages={1--183},
  year={2011},
  publisher={Now Publishers Inc.}
}

@book{hanning2011high,
  title={High Precision Camera Calibration},
  author={Hanning, Tobias},
  year={2011},
  publisher={Springer}
}

@book{greivenkamp2004field,
  title={Field guide to geometrical optics},
  author={Greivenkamp, John E},
  volume={1},
  year={2004},
  publisher={SPIE Press Bellingham, Washington}
}

@article{zhang2000flexible,
  title={A flexible new technique for camera calibration},
  author={Zhang, Zhengyou},
  journal={Pattern Analysis and Machine Intelligence, IEEE Transactions on},
  volume={22},
  number={11},
  pages={1330--1334},
  year={2000},
  publisher={IEEE}
}

@book{bradski2008learning,
  title={Learning OpenCV: Computer vision with the OpenCV library},
  author={Bradski, Gary and Kaehler, Adrian},
  year={2008},
  publisher={{O'Reilly Media, Inc.}}
}

@article{trobina1995error,
  title={Error model of a coded-light range sensor},
  author={Trobina, Marjan},
  journal={Technique Report, Communication Technology Laboratory, ETH Zentrum, Zurich},
  year={1995},
  publisher={Citeseer}
}

@article{khoshelham2012accuracy,
  title={Accuracy and resolution of kinect depth data for indoor mapping applications},
  author={Khoshelham, Kourosh and Elberink, Sander Oude},
  journal={Sensors},
  volume={12},
  number={2},
  pages={1437--1454},
  year={2012},
  publisher={Molecular Diversity Preservation International}
}

@article{berman1989large,
  title={Large sample bias in least squares estimators of a circular arc center and its radius},
  author={Berman, Mark},
  journal={Computer Vision, Graphics, and Image Processing},
  volume={45},
  number={1},
  pages={126--128},
  year={1989},
  publisher={Elsevier}
}



@misc{wwwGOM,
  title = {{3D Scanner  GOM}},
  howpublished = "\url{http://www.gom.com/metrology-systems/3d-scanner.html}",
  note = "[accedido 19/07/2014]"
}

@misc{wwwLMI3Dhdi,
  title = {{HDI 3D Scanner}},
  howpublished = "\url{http://lmi3d.com/products/hdi/}",
  note = "[accedido 19/07/2014]"
}

@misc{wwwLMI3Dsnapshotsensor,
  title = {{Gocator Snapshot Sensor}},
  howpublished = "\url{http://lmi3d.com/products/gocator/snapshot-sensor/}",
  note = "[accedido 19/07/2014]"
}

@misc{wwwFotonic,
  title = {{Fotonic 3D Camera TOF-C70E}},
  howpublished = "\url{http://www.fotonic.com/assets/documents/products/Fotonic_C-series.pdf}",
  note = "[accedido 21/10/2014]"
}

@misc{wwwPGRchameleon,
  title = {{Point Grey Chameleon\textregistered}},
  howpublished = "\url{http://ww2.ptgrey.com/USB2/chameleon}",
  note = "[accedido 19/07/2014]"
}

@misc{wwwLumeneraLM165M,
  title = {{Lm165 - Lumenera's USB Camera featuring 1.4 Megapixel Sony HAD ICX285 sensor designed for scientific and industrial applications}},
  howpublished = "\url{http://www.lumenera.com/products/industrial-cameras/lm165.php}",
  note = "[accedido 19/07/2014]"
}

@misc{wwwPGRflycap,
  title = {{Point Grey FlyCapture SDK}},
  howpublished = "\url{http://ww2.ptgrey.com/sdk/flycap}",
  note = "[accedido 19/07/2014]"
}

@misc{wwwLumeneraLucam,
  title = {{Lumenera - Industrial Drivers/Software Downloads}},
  howpublished = "\url{http://www.lumenera.com/support/downloads/industrial-downloads.php}",
  note = "[accedido 19/07/2014]"
}








@BOOK{bentley:1999,
  title = {{P}rogramming {P}earls},
  publisher = {Addison--Wesley},
  year = {1999},
  author = {Jon Bentley},
  address = {Boston, MA, USA},
  edition = {2nd}
}

@BOOK{bringhurst:2002,
  title = {{T}he {E}lements of {T}ypographic {S}tyle},
  publisher = {Hartley \& Marks Publishers},
  year = {2008},
  author = {Robert Bringhurst},
  series = {Version 3.2},
  address = {Point Roberts, WA, USA}
}

@BOOK{cormen:2001,
  title = {{I}ntroduction to {A}lgorithms},
  publisher = {The MIT Press},
  year = {2001},
  author = {Cormen, Thomas H. and Leiserson, Charles E. and Rivest, Ronald L.
	and Clifford Stein},
  address = {Cambridge, MA, USA},
  edition = {2nd}
}

@BOOK{dueck:trio,
  title = {{D}ueck's {T}rilogie: {O}mnisophie -- {S}upramanie -- {T}opothesie},
  publisher = {Springer, Berlin},
  year = {2005},
  author = {Gunter Dueck},
  note = {\url{http://www.omnisophie.com}}
}

@ARTICLE{knuth:1976,
  author = {Knuth, Donald E.},
  title = {{B}ig {O}micron and {B}ig {O}mega and {B}ig {T}heta},
  journal = {SIGACT News},
  year = {1976},
  volume = {8},
  pages = {18--24},
  number = {2},
  month = {April/June},
  address = {New York, NY, USA},
  publisher = {ACM Press}
}

@ARTICLE{knuth:1974,
  author = {Knuth, Donald E.},
  title = {{C}omputer {P}rogramming as an {A}rt},
  journal = {Communications of the ACM},
  year = {1974},
  volume = {17},
  pages = {667--673},
  number = {12},
  month = {December },
  address = {New York, NY, USA},
  publisher = {ACM Press}
}

@BOOK{sommerville:1992,
  title = {{S}oftware {E}ngineering},
  publisher = {Addison-Wesley},
  year = {1992},
  author = {Ian Sommerville},
  address = {Boston, MA, USA},
  edition = {4th}
}

